%% Saved with string encoding Unicode (UTF-8)

@misc{back96,
	Address = {New York},
	Author = {BÃ¤ck, T},
	Publisher = {Oxford Univ. Press},
	Title = {Evolutionary algorithms in theory and practice: Evolution strategies, evolutionary programming, genetic algorithms},
	Year = {1996}}


@inproceedings{jordal2016evolving,
  title={EVOLVING NEURAL NETWORKS FOR CROSS-ADAPTIVE AUDIO EFFECTS},
  author={Jordal, Iver and Brandtsegg, {\O}yvind and Tufte, Gunnar},
  booktitle={Proceedings of the 2nd AES Workshop on Intelligent Music Production},
  volume={13},
  year={2016}
}

@article{mermelstein1976distance,
  title={Distance measures for speech recognition, psychological and instrumental},
  author={Mermelstein, Paul},
  journal={Pattern recognition and artificial intelligence},
  volume={116},
  pages={374--388},
  year={1976}
}

@book{goldberg2006genetic,
  title={Genetic algorithms},
  author={Goldberg, David E},
  year={2006},
  publisher={Pearson Education India}
}

@incollection{werbos1982applications,
  title={Applications of advances in nonlinear sensitivity analysis},
  author={Werbos, Paul J},
  booktitle={System modeling and optimization},
  pages={762--770},
  year={1982},
  publisher={Springer}
}

@article{stanley2002evolving,
  title={Evolving neural networks through augmenting topologies},
  author={Stanley, Kenneth O and Miikkulainen, Risto},
  journal={Evolutionary computation},
  volume={10},
  number={2},
  pages={99--127},
  year={2002},
  publisher={MIT Press}
}

@inproceedings{brandtsegg2015toolkit,
  title={A toolkit for experimentation with signal interaction},
  author={Brandtsegg, {\O}yvind},
  booktitle={Proceedings of the 18th International Conference on Digital Audio Effects (DAFx-15)},
  pages={42--48},
  year={2015}
}

@inproceedings{bogdanov2013essentia,
  title={Essentia: An Audio Analysis Library for Music Information Retrieval.},
  author={Bogdanov, Dmitry and Wack, Nicolas and G{\'o}mez, Emilia and Gulati, Sankalp and Herrera, Perfecto and Mayor, Oscar and Roma, Gerard and Salamon, Justin and Zapata, Jos{\'e} R and Serra, Xavier},
  booktitle={ISMIR},
  pages={493--498},
  year={2013},
  organization={Citeseer}
}